% Add bibtex of the reference file here
% Encoding: UTF-8

@inproceedings{Sampedro2014,
  title={A Supervised Approach to Electric Tower Detection and
  Classification for Power Line Inspection},
  author={Sampedro, Carlos and Martinez, Carol and Chauhan, Aneesh and Campoy, Pascual},
  year={2014},
  organization={Proc. of The 2014 IEEE World Congress on Computacional Inteligence}
}

@inproceedings{Martinez2014,
  title={Towards Autonomous Detection and Tracking of Electric Towers for
  Aerial Power Line Inspection},
  author={Martinez, Carol and Sampedro, Carlos and Chauhan, Aneesh and Campoy, Pascual},
  year={2014},
  organization={Proc. of The 2014 International Conference on Unmanned Aircraft Systems}
}


@misc{colibri,
	Author = {{C}omputer {V}ision {G}roup},
	Howpublished = {http://www.vision4uav.com/},
	Key = {CVG Homepage},
	Title = {{U}niversidad {P}olit\'ecnica de {M}adrid.}
}

@misc{HOG_implementation,
	Author ={McCormick, Chris},
	year={2012},
	Howpublished = {Available at http://chrisjmccormick.wordpress.com/2013/05/09/hog-descriptor-in-matlab/ (Accessed 20 November 2013)},
	Title = {{H}{O}{G} Descriptor in Matlab (Version 1.2) [Computer program]},
}

@ONLINE{tower_types,
author = {Government of Southern Australia},
title = {Identifying powerlines},
url = {http://goo.gl/2ZHwaO}
}

@ONLINE{ijcnn_video, 
author = {Carlos Sampedro and Carol Martinez and Aneesh Chauhan and Pascual Campoy},
title = {Machine Learning For Power Line Inspection},
year = {2014},
url = {http://youtu.be/iZmuOOXB4ps}
}


@inproceedings{Bahringer2009,
  title={Inspection of high voltage power lines - a new approach},
  author={B{\"a}hringer, M and Berchtold, J and B{\"a}chel, M and Dold, C and B\"atikofer, M and Feuerstein, M},
  year={2009},
  organization={Proc. of The 12th International Conference on Climbing and Walking Robots and the Support Technologies for Mobile Machines (CLAWAR)}
}

@inproceedings{Oberweger2014,
  title={Visual Recognition and Fault Detection for Power Line Insulators},
  author={Oberweger, M and Wendel, A and Bischof, H},
  year={2014},
  organization={19th Computer Vision Winter Workshop}
}

@inproceedings{Barrientos2002,
  title={An autonomous helicopter guided by computer vision for inspection of overhead power cables},
  author={Barrientos, A and Del Cerro, J and Campoy, P and Garc{\'\i}a, PJ},
  booktitle={Workshop on Aerial Robotics-IEEE/RSJ International Conference on Intelliget Robots and Systems IROS},
  year={2002}
}

@incollection{Campoy2001,
  title={An stereoscopic vision system guiding an autonomous helicopter for overhead power cable inspection},
  author={Campoy, Pascual and Garcia, Pedro J and Barrientos, Antonio and del Cerro, Jaime and Aguirre, I{\~n}aqui and Roa, Andr{\'e}s and Garcia, Rafael and Mu{\~n}oz, Jos{\'e} M},
  booktitle={Robot Vision},
  pages={115--124},
  year={2001},
  publisher={Springer}
}

@inproceedings{Cheng2008,
  title={Power Pole Detection Based on Graph Cut},
  author={Cheng, Wengang and Song, Zhengzheng},
  booktitle={Image and Signal Processing, 2008. CISP'08. Congress on},
  volume={3},
  pages={720--724},
  year={2008},
  organization={IEEE}
}

@inproceedings{Dalal2005,
  title={Histograms of oriented gradients for human detection},
  author={Dalal, Navneet and Triggs, Bill},
  booktitle={Computer Vision and Pattern Recognition, 2005. CVPR 2005. IEEE Computer Society Conference on},
  volume={1},
  pages={886--893},
  year={2005},
  organization={IEEE}
}

@inproceedings{Debenest2008,
  title={Expliner-Robot for inspection of transmission lines},
  author={Debenest, Paulo and Guarnieri, Michele and Takita, Kensuke and Fukushima, Edwardo F and Hirose, Shigeo and Tamura, Kiyoshi and Kimura, Akihiro and Kubokawa, Hiroshi and Iwama, Namuri and Shiga, Fuminori},
  booktitle={Robotics and Automation, 2008. ICRA 2008. IEEE International Conference on},
  pages={3978--3984},
  year={2008},
  organization={IEEE}
}

@inproceedings{Earp2005,
  title={Condition based risk assessment of electricity towers using high resolution images from a helicopter},
  author={Earp, Graham},
  booktitle={Electricity Distribution, 2005. CIRED 2005. 18th International Conference and Exhibition on},
  pages={1--5},
  year={2005},
  organization={IET}
}

@article{Ferrari2008,
  title={Groups of adjacent contour segments for object detection},
  author={Ferrari, Vittorio and Fevrier, Loic and Jurie, Frederic and Schmid, Cordelia},
  journal={Pattern Analysis and Machine Intelligence, IEEE Transactions on},
  volume={30},
  number={1},
  pages={36--51},
  year={2008},
  publisher={IEEE}
}

@article{Golightly2003,
  title={Corner detection and matching for visual tracking during power line inspection},
  author={Golightly, Ian and Jones, Dewi},
  journal={Image and Vision Computing},
  volume={21},
  number={9},
  pages={827--840},
  year={2003},
  publisher={Elsevier}
}

@inproceedings{Golightly2005,
  title={Visual control of an unmanned aerial vehicle for power line inspection},
  author={Golightly, Ian and Jones, Dewi},
  booktitle={Advanced Robotics, 2005. ICAR'05. Proceedings., 12th International Conference on},
  pages={288--295},
  year={2005},
  organization={IEEE}
}

@inproceedings{Harzallah2009,
  title={Combining efficient object localization and image classification},
  author={Harzallah, Hedi and Jurie, Fr{\'e}d{\'e}ric and Schmid, Cordelia},
  booktitle={Computer Vision, 2009 IEEE 12th International Conference on},
  pages={237--244},
  year={2009},
  organization={IEEE}
}

@inproceedings{Hrabar2010,
  title={Development of an autonomous helicopter for aerial powerline inspections},
  author={Hrabar, Stefan and Merz, Torsten and Frousheger, Dennis},
  booktitle={Applied Robotics for the Power Industry (CARPI), 2010 1st International Conference on},
  pages={1--6},
  year={2010},
  organization={IEEE}
}

@inproceedings{Jones1996,
  title={Requirements for aerial inspection of overhead electrical power lines},
  author={Jones, Dewi and Earp, Graham},
  booktitle={RPVs International Conference, 12 th, Bristol, United Kingdom},
  year={1996}
}

@inproceedings{Jones2005,
  title={Power line inspection-a UAV concept},
  author={Jones, Dewi},
  booktitle={Autonomous Systems, 2005. The IEE Forum on (Ref. No. 2005/11271)},
  pages={8--pp},
  year={2005},
  organization={IET}
}

@inproceedings{Jones2006,
  title={Modeling and control of a robotic power line inspection vehicle},
  author={Jones, Dewi and Golightly, Ian and Roberts, Jonathan and Usher, Kane},
  booktitle={Computer Aided Control System Design, 2006 IEEE International Conference on Control Applications, 2006 IEEE International Symposium on Intelligent Control, 2006 IEEE},
  pages={632--637},
  year={2006},
  organization={IEEE}
}

@article{Katrasnik2010survey,
  title={A survey of mobile robots for distribution power line inspection},
  author={Katrasnik, Jaka and Pernus, Franjo and Likar, Bo{\v{s}}tjan},
  journal={Power Delivery, IEEE Transactions on},
  volume={25},
  number={1},
  pages={485--493},
  year={2010},
  publisher={IEEE}
}

@inproceedings{Katrasnik2008,
  title={New robot for power line inspection},
  author={Katrasnik, Jaka and Pernus, Franjo and Likar, Bostjan},
  booktitle={Robotics, Automation and Mechatronics, 2008 IEEE Conference on},
  pages={1195--1200},
  year={2008},
  organization={IEEE}
}

@article{Li2010,
  title={Towards automatic power line detection for a UAV surveillance system using pulse coupled neural filter and an improved Hough transform},
  author={Li, Zhengrong and Liu, Yuee and Walker, Rodney and Hayward, Ross and Zhang, Jinglan},
  journal={Machine Vision and Applications},
  volume={21},
  number={5},
  pages={677--686},
  year={2010},
  publisher={Springer}
}

@inproceedings{Montambault2003,
  title={The HQ LineROVer: contributing to innovation in transmission line maintenance},
  author={Montambault, Serge and Pouliot, Nicolas},
  booktitle={Transmission and Distribution Construction, Operation and Live-Line Maintenance, 2003. 2003 IEEE ESMO. 2003 IEEE 10th International Conference on},
  pages={33--40},
  year={2003},
  organization={IEEE}
}

@article{Pagnano2013,
  title={A Roadmap for Automated Power Line Inspection. Maintenance and Repair},
  author={Pagnano, A and H{\"o}pf, M and Teti, R},
  journal={Procedia CIRP},
  volume={12},
  pages={234--239},
  year={2013},
  publisher={Elsevier}
}

@inproceedings{Peungsungwal2001,
  title={Autonomous robot for a power transmission line inspection},
  author={Peungsungwal, S and Pungsiri, B and Chamnongthai, Kosin and Okuda, M},
  booktitle={Circuits and Systems, 2001. ISCAS 2001. The 2001 IEEE International Symposium on},
  volume={3},
  pages={121--124},
  year={2001},
  organization={IEEE}
}

@inproceedings{Pouliot2009,
  title={LineScout Technology: From inspection to robotic maintenance on live transmission power lines},
  author={Pouliot, Nicolas and Montambault, Serge},
  booktitle={Robotics and Automation, 2009. ICRA'09. IEEE International Conference on},
  pages={1034--1040},
  year={2009},
  organization={IEEE}
}

@article{Rokach2010,
  title={Ensemble-based classifiers},
  author={Rokach, Lior},
  journal={Artificial Intelligence Review},
  volume={33},
  number={1-2},
  pages={1--39},
  year={2010},
  publisher={Springer}
}

@article{Sawada1991,
  title={A mobile robot for inspection of power transmission lines},
  author={Sawada, Jun and Kusumoto, Kazuyuki and Maikawa, Yasuhisa and Munakata, Tadashi and Ishikawa, Yoshinobu},
  journal={Power Delivery, IEEE Transactions on},
  volume={6},
  number={1},
  pages={309--315},
  year={1991},
  publisher={IEEE}
}

@article{Song2013,
  title={Power line detection from optical images},
  author={Song, Biqin and Li, Xuelong},
  journal={Neurocomputing},
  year={2013},
  publisher={Elsevier}
}

@article{Sun2006,
  title={Measuring the distance of vegetation from powerlines using stereo vision},
  author={Sun, Changming and Jones, Ronald and Talbot, Hugues and Wu, Xiaoliang and Cheong, Kevin and Beare, Richard and Buckley, Michael and Berman, Mark},
  journal={ISPRS journal of photogrammetry and remote sensing},
  volume={60},
  number={4},
  pages={269--283},
  year={2006},
  publisher={Elsevier}
}

@inproceedings{Tilawat2010,
  title={Automatic detection of electricity pylons in aerial video sequences},
  author={Tilawat, Jittichat and Theera-Umpon, N and Auephanwiriyakul, S},
  booktitle={Electronics and Information Engineering (ICEIE), 2010 International Conference On},
  volume={1},
  pages={342--346},
  year={2010},
  organization={IEEE}
}

@article{Toussaint2009survey,
  title={Transmission line maintenance robots capable of crossing obstacles: State-of-the-art review and challenges ahead},
  author={Toussaint, Kristopher and Pouliot, Nicolas and Montambault, Serge},
  journal={Journal of Field Robotics},
  volume={26},
  number={5},
  pages={477--499},
  year={2009},
  publisher={Wiley Online Library}
}

@article{Vincent1991,
  title={Watersheds in digital spaces: an efficient algorithm based on immersion simulations},
  author={Vincent, Luc and Soille, Pierre},
  journal={IEEE transactions on pattern analysis and machine intelligence},
  volume={13},
  number={6},
  pages={583--598},
  year={1991}
}

@inproceedings{Wang2010,
  title={Power line inspection with a flying robot},
  author={Wang, Binhai and Chen, Xiguang and Wang, Qian and Liu, Liang and Zhang, Hailong and Li, Bingqiang},
  booktitle={Applied Robotics for the Power Industry (CARPI), 2010 1st International Conference on},
  pages={1--6},
  year={2010},
  organization={IEEE}
}

@article{Williams2001,
  title={Obstacle avoidance during aerial inspection of power lines},
  author={Williams, M and Jones, DI and Earp, GK},
  journal={Aircraft Engineering and Aerospace Technology},
  volume={73},
  number={5},
  pages={472--479},
  year={2001},
  publisher={MCB UP Ltd}
}

@article{Whitworth2001,
  title={Aerial video inspection of overhead power lines},
  author={Whitworth, CC and Duller, AWG and Jones, DI and Earp, GK},
  journal={Power Engineering Journal},
  volume={15},
  number={1},
  pages={25--32},
  year={2001},
  publisher={IET}
}

@ARTICLE{Jones2000,
	author={Jones, D.I.},
	journal={Vision, Image and Signal Processing, IEE Proceedings -},
	title={Aerial inspection of overhead power lines using video: estimation of image blurring due to vehicle and camera motion},
	year={2000},
	month={Apr},
	volume={147},
	number={2},
	pages={157-166},
	doi={10.1049/ip-vis:20000226},
	ISSN={1350-245X},
}

@article{Jones200173,
	title = "Camera sightline pointing requirements for aerial inspection of overhead power lines ",
	journal = "Electric Power Systems Research ",
	volume = "57",
	number = "2",
	pages = "73 - 82",
	year = "2001",
	note = "",
	issn = "0378-7796",
	doi = "http://dx.doi.org/10.1016/S0378-7796(01)00100-6",
	url = "http://www.sciencedirect.com/science/article/pii/S0378779601001006",
	author = "D.I. Jones and G.K. Earp"
}

@INPROCEEDINGS{Jaensch1998,
	author={Jaensch, G. and Hoffmann, H. and Markees, A.},
	booktitle={Transmission amp; Distribution Construction, Operation amp; Live-Line Maintenance Proceedings, 1998. ESMO '98. 1998 IEEE 8th International Conference on},
	title={Locating defects in high voltage transmission lines},
	year={1998},
	month={April},
	pages={179-186},
	doi={10.1109/TDCLLM.1998.668371},
}

@article{Wu1993,
  title={An optimal graph theoretic approach to data clustering: Theory and its application to image segmentation},
  author={Wu, Zhenyu and Leahy, Richard},
  journal={Pattern Analysis and Machine Intelligence, IEEE Transactions on},
  volume={15},
  number={11},
  pages={1101--1113},
  year={1993},
  publisher={IEEE}
}

@inproceedings{Yang2012,
  title={Overhead power line detection from UAV video images},
  author={Yang, Tang Wen and Yin, Hang and Ruan, Qiu Qi and Han, Jian Da and Qi, Jun Tong and Yong, Qing and Wang, Zi Tong and Sun, Zeng Qi},
  booktitle={Mechatronics and Machine Vision in Practice (M2VIP), 2012 19th International Conference},
  pages={74--79},
  year={2012},
  organization={IEEE}
}

@inproceedings{Zhao2010,
  title={Improvement of LineROVer: A mobile robot for de-icing of transmission lines},
  author={Zhao, Jinlong and Guo, Rui and Cao, Lei and Zhang, Feng},
  booktitle={Applied Robotics for the Power Industry (CARPI), 2010 1st International Conference on},
  pages={1--4},
  year={2010},
  organization={IEEE}
}

@article{Ziou1991,
  title={Line detection using an optimal IIR filter},
  author={Ziou, Djemel},
  journal={Pattern Recognition},
  volume={24},
  number={6},
  pages={465--478},
  year={1991},
  publisher={Elsevier}
}

@ARTICLE{Wilton1967, 
author={Wilton, G.S. and Ormiston, T.S. and Allan, R.A.}, 
journal={Electrical Engineers, Proceedings of the Institution of}, 
title={Modern transmission-line maintenance}, 
year={1967}, 
volume={114}, 
number={7}, 
pages={925-932}, 
keywords={power transmission lines}, 
doi={10.1049/piee.1967.0177}, 
ISSN={0020-3270},}


@ARTICLE{Jaka2010, 
author={Jaka Katrasnik, Franjo Pernus and Bostjan Likar}, 
journal={InTech}, 
title={A Climbing-Flying Robot for Power Line Inspection}, 
year={2010}, 
doi={10.5772/8840},}

@inproceedings{Riedmiller1993,
  title={A direct adaptive method for faster backpropagation learning: The RPROP algorithm},
  author={Riedmiller, Martin and Braun, Heinrich},
  booktitle={Neural Networks, 1993., IEEE International Conference on},
  pages={586--591},
  year={1993},
  organization={IEEE}
}

@INBOOK{Shoemaker2007,
  author={Shoemaker, Thomas M and Mack, James E},
   title={The lineman's and cableman's handbook},
   publisher={McGraw-Hill},
   year={2007},
   chapter = "42, Figure 42.2"
}

@ARTICLE{Yan2007,
	author={Guangjian Yan and Chaoyang Li and Guoqing Zhou and Wuming Zhang and Xiaowen Li},
	journal={Geoscience and Remote Sensing Letters, IEEE},
	title={Automatic Extraction of Power Lines From Aerial Images},
	year={2007},
	month={July},
	volume={4},
	number={3},
	pages={387-391},
	ISSN={1545-598X},
}

@INPROCEEDINGS{Zhang2012,
	author={Jingjing Zhang and Liang Liu and Binhai Wang and Xiguang Chen and Qian Wang and Tianru Zheng},
	booktitle={Industrial Control and Electronics Engineering (ICICEE), 2012 International Conference on},
	title={High Speed Automatic Power Line Detection and Tracking for a UAV-Based Inspection},
	year={2012},
	month={Aug},
	pages={266-269},
	doi={10.1109/ICICEE.2012.77},
}

@INPROCEEDINGS{Becker2006,
	author={Becker, M. and Landre, J. and Santos, S.C.},
	booktitle={Power Electronics, Electrical Drives, Automation and Motion, 2006. SPEEDAM 2006. International Symposium on},
	title={Design of mechatronic system to inspect power transmission lines and towers},
	year={2006},
	month={May},
	pages={774-779},
	doi={10.1109/SPEEDAM.2006.1649874},
}

@INPROCEEDINGS{Yamamoto1997,
	author={Yamamoto, K. and Yamada, K.},
	booktitle={TENCON '97. IEEE Region 10 Annual Conference. Speech and Image Technologies for Computing and Telecommunications., Proceedings of IEEE},
	title={Analysis of the infrared images to detect power lines},
	year={1997},
	month={Dec},
	volume={1},
	pages={343-346 vol.1},
	doi={10.1109/TENCON.1997.647327},
}

@INPROCEEDINGS{Zang2009,
	author={Zang Chunyan and Ye Huisheng and Lei Hongcai and Yin Xiaogen and He Junjia and Jiang Zhenglong and He Shuang and Zhao Xinjie},
	booktitle={Electrical Insulation and Dielectric Phenomena, 2009. CEIDP '09. IEEE Conference on},
	title={Using ultraviolet imaging method to detect the external insulation faults of electric device},
	year={2009},
	month={Oct},
	pages={26-30},
	doi={10.1109/CEIDP.2009.5377769},
	ISSN={0084-9162},
}

@Article{Sohn2012,
	AUTHOR = {Sohn, G. and Jwa, Y. and Kim, H. B.},
	TITLE = {AUTOMATIC POWERLINE SCENE CLASSIFICATION AND RECONSTRUCTION USING AIRBORNE LIDAR DATA},
	JOURNAL = {ISPRS Annals of Photogrammetry, Remote Sensing and Spatial Information Sciences},
	VOLUME = {I-3},
	YEAR = {2012},
	PAGES = {167--172},
	URL = {http://www.isprs-ann-photogramm-remote-sens-spatial-inf-sci.net/I-3/167/2012/},
	DOI = {10.5194/isprsannals-I-3-167-2012}
}

@INPROCEEDINGS{Liu2009,
	author={Yuee Liu and Zhengrong Li and Hayward, R. and Walker, R. and Hang Jin},
	booktitle={Digital Image Computing: Techniques and Applications, 2009. DICTA '09.},
	title={Classification of Airborne LIDAR Intensity Data Using Statistical Analysis and Hough Transform with Application to Power Line Corridors},
	year={2009},
	month={Dec},
	pages={462-467},
	doi={10.1109/DICTA.2009.83},
}

@ARTICLE{McLaughlin2006,
	author={McLaughlin, R.A.},
	journal={Geoscience and Remote Sensing Letters, IEEE},
	title={Extracting transmission lines from airborne LIDAR data},
	year={2006},
	month={April},
	volume={3},
	number={2},
	pages={222-226},
	doi={10.1109/LGRS.2005.863390},
	ISSN={1545-598X},
}

@ARTICLE{Suzuki1992,
	author={Suzuki, H. and Endoh, T.},
	journal={Electrical Insulation, IEEE Transactions on},
	title={Pattern recognition of partial discharge in XLPE cables using a neural network},
	year={1992},
	month={Jun},
	volume={27},
	number={3},
	pages={543-549},
	doi={10.1109/14.142717},
	ISSN={0018-9367},
}

@INPROCEEDINGS{Roizman2000,
	author={Roizman, O. and Davydov, V.},
	booktitle={Power System Technology, 2000. Proceedings. PowerCon 2000. International Conference on},
	title={Neuro-fuzzy algorithms for power transformers diagnostics},
	year={2000},
	month={},
	volume={1},
	pages={253-258 vol.1},
	doi={10.1109/ICPST.2000.900065},
}

@INPROCEEDINGS{Du2011,
	author={Shengzhi Du and Chunling Tu},
	booktitle={Signal Processing, Communications and Computing (ICSPCC), 2011 IEEE International Conference on},
	title={Power line inspection using segment measurement based on HT butterfly},
	year={2011},
	month={Sept},
	pages={1-4},
	doi={10.1109/ICSPCC.2011.6061553},
}

@ARTICLE{Cooper1993,
	author={Cooper, J. and Venkatesh, S. and Kitchen, L.},
	journal={Pattern Analysis and Machine Intelligence, IEEE Transactions on},
	title={Early jump-out corner detectors},
	year={1993},
	month={Aug},
	volume={15},
	number={8},
	pages={823-828},
	doi={10.1109/34.236246},
	ISSN={0162-8828},
}

@ARTICLE{Rother2004,
	 author = {Rother, Carsten and Kolmogorov, Vladimir and Blake, Andrew},
	 title = {"GrabCut": Interactive Foreground Extraction Using Iterated Graph Cuts},
	 journal = {ACM Trans. Graph.},
	 issue_date = {August 2004},
	 volume = {23},
	 number = {3},
	 month = aug,
	 year = {2004},
	 issn = {0730-0301},
	 pages = {309--314},
	 numpages = {6},
	 url = {http://doi.acm.org/10.1145/1015706.1015720},
	 doi = {10.1145/1015706.1015720},
	 acmid = {1015720},
	 publisher = {ACM},
	 address = {New York, NY, USA},
} 

@incollection{Farneback2003,
  title={Two-frame motion estimation based on polynomial expansion},
  author={Farneb{\"a}ck, Gunnar},
  booktitle={Image Analysis},
  pages={363--370},
  year={2003},
  publisher={Springer}
}

@article{Telea2004,
  title={An image inpainting technique based on the fast marching method},
  author={Telea, Alexandru},
  journal={Journal of graphics tools},
  volume={9},
  number={1},
  pages={23--34},
  year={2004},
  publisher={Taylor \& Francis}
}

@inproceedings{Lampert2008,
  title={Beyond sliding windows: Object localization by efficient subwindow search},
  author={Lampert, Christoph H and Blaschko, Matthew B and Hofmann, Thomas},
  booktitle={Computer Vision and Pattern Recognition, 2008. CVPR 2008. IEEE Conference on},
  pages={1--8},
  year={2008},
  organization={IEEE}
}

@inproceedings{Dundar2007,
  title={Joint optimization of cascaded classifiers for computer aided detection},
  author={Dundar, M Murat and Bi, Jinbo},
  booktitle={Computer Vision and Pattern Recognition, 2007. CVPR'07. IEEE Conference on},
  pages={1--8},
  year={2007},
  organization={IEEE}
}

@inproceedings{Zhu2006fast,
  title={Fast human detection using a cascade of histograms of oriented gradients},
  author={Zhu, Qiang and Yeh, M-C and Cheng, Kwang-Ting and Avidan, Shai},
  booktitle={Computer Vision and Pattern Recognition, 2006 IEEE Computer Society Conference on},
  volume={2},
  pages={1491--1498},
  year={2006},
  organization={IEEE}
}

@incollection{Dalal2006human,
  title={Human detection using oriented histograms of flow and appearance},
  author={Dalal, Navneet and Triggs, Bill and Schmid, Cordelia},
  booktitle={Computer Vision--ECCV 2006},
  pages={428--441},
  year={2006},
  publisher={Springer}
}

@inproceedings{Suard2006pedestrian,
  title={Pedestrian detection using infrared images and histograms of oriented gradients},
  author={Suard, Fr{\'e}d{\'e}ric and Rakotomamonjy, Alain and Bensrhair, Abdelaziz and Broggi, Alberto},
  booktitle={Intelligent Vehicles Symposium, 2006 IEEE},
  pages={206--212},
  year={2006},
  organization={IEEE}
}

@inproceedings{Geismann2008two,
  title={A two-staged approach to vision-based pedestrian recognition using Haar and HOG features},
  author={Geismann, Philip and Schneider, Georg},
  booktitle={Intelligent Vehicles Symposium, 2008 IEEE},
  pages={554--559},
  year={2008},
  organization={IEEE}
}

@article{Beiping2011fast,
  title={Fast human detection using motion detection and histogram of oriented gradients},
  author={Beiping, Hou and Wen, Zhu},
  journal={Journal of computers},
  volume={6},
  number={8},
  pages={1597--1604},
  year={2011}
}

@article{Felzenszwalb2010object,
  title={Object detection with discriminatively trained part-based models},
  author={Felzenszwalb, Pedro F and Girshick, Ross B and McAllester, David and Ramanan, Deva},
  journal={Pattern Analysis and Machine Intelligence, IEEE Transactions on},
  volume={32},
  number={9},
  pages={1627--1645},
  year={2010},
  publisher={IEEE}
}

@inproceedings{Felzenszwalb2008discriminatively,
  title={A discriminatively trained, multiscale, deformable part model},
  author={Felzenszwalb, Pedro and McAllester, David and Ramanan, Deva},
  booktitle={Computer Vision and Pattern Recognition, 2008. CVPR 2008. IEEE Conference on},
  pages={1--8},
  year={2008},
  organization={IEEE}
}

@article{Albiol2008face,
  title={Face recognition using HOG--EBGM},
  author={Albiol, Alberto and Monzo, David and Martin, Antoine and Sastre, Jorge and Albiol, Antonio},
  journal={Pattern Recognition Letters},
  volume={29},
  number={10},
  pages={1537--1543},
  year={2008},
  publisher={Elsevier}
}

@article{Deniz2011face,
  title={Face recognition using histograms of oriented gradients},
  author={D{\'e}niz, Oscar and Bueno, Gloria and Salido, Jes{\'u}s and De la Torre, Fernando},
  journal={Pattern Recognition Letters},
  volume={32},
  number={12},
  pages={1598--1603},
  year={2011},
  publisher={Elsevier}
}

@inproceedings{Creusen2010color,
  title={Color exploitation in hog-based traffic sign detection},
  author={Creusen, Ivo M and Wijnhoven, Rob GJ and Herbschleb, Ernst and De With, PHN},
  booktitle={Image Processing (ICIP), 2010 17th IEEE International Conference on},
  pages={2669--2672},
  year={2010},
  organization={IEEE}
}

@article{Lowe2004distinctive,
  title={Distinctive image features from scale-invariant keypoints},
  author={Lowe, David G},
  journal={International journal of computer vision},
  volume={60},
  number={2},
  pages={91--110},
  year={2004},
  publisher={Springer}
}

@Article{LIBLINEAR,
  author = 	 {Rong-En Fan and Kai-Wei Chang and Cho-Jui Hsieh and Xiang-Rui Wang and Chih-Jen Lin},
  title = 	 {{LIBLINEAR}: A Library for Large Linear Classification},
  journal = 	 {Journal of Machine Learning Research},
  year = 	 {2008},
  volume =	 {9},
  pages =	 {1871--1874}
}

@article{LIBSVM,
 author = {Chang, Chih-Chung and Lin, Chih-Jen},
 title = {{LIBSVM}: A library for support vector machines},
 journal = {ACM Transactions on Intelligent Systems and Technology},
 volume = {2},
 issue = {3},
 year = {2011},
 pages = {27:1--27:27},
 note =	 {Software available at \url{http://www.csie.ntu.edu.tw/~cjlin/libsvm}}
}

@TechReport{Nissen03,
author = {S. Nissen},
title = {Implementation of a Fast Artificial Neural Network Library (fann)},
institution = {Department of Computer Science University of Copenhagen (DIKU)},
year = {2003},
note = {http://fann.sf.net},
}

@inproceedings{Igel2000improving,
  title={Improving the Rprop learning algorithm},
  author={Igel, Christian and H{\"u}sken, Michael},
  booktitle={Proceedings of the second international ICSC symposium on neural computation (NC 2000)},
  pages={115--121},
  year={2000},
  organization={Citeseer}
}
